<?xml version="1.0" encoding="UTF-8"?><record xmlns="http://www.loc.gov/MARC21/slim" xmlns:cinclude="http://apache.org/cocoon/include/1.0" xmlns:zs="http://www.loc.gov/zing/srw/">
  <leader>00540cz  a2200133n  4500</leader>
  <controlfield tag="001">n  88256251 </controlfield>
  <controlfield tag="003">DLC</controlfield>
  <controlfield tag="005">19890902083423.5</controlfield>
  <controlfield tag="008">890803n| acannaab|          |n ana ||| c</controlfield>
  <datafield tag="010" ind1=" " ind2=" ">
    <subfield code="a">n  88256251 </subfield>
  </datafield>
  <datafield tag="040" ind1=" " ind2=" ">
    <subfield code="a">MdU</subfield>
    <subfield code="c">DLC</subfield>
  </datafield>
  <datafield tag="110" ind1="2" ind2="0">
    <subfield code="a">Democratic Party (Hamilton County, Ohio)</subfield>
  </datafield>
  <datafield tag="670" ind1=" " ind2=" ">
    <subfield code="a">Its Convention (1845 : Carthage, Ohio). Letter to the secretary of the Treasury on the effect of the Tarriff of 1842, 1845:</subfield>
    <subfield code="b">t.p. (Democratic Convention of Hamilton County, Ohio; Democratic Party)</subfield>
  </datafield>
  <datafield tag="670" ind1=" " ind2=" ">
    <subfield code="a">NUC pre-56</subfield>
    <subfield code="b">(Democratic Party. Ohio. Hamilton Co.)</subfield>
  </datafield>
</record>